<record><leader>00000cas a22000007a 4500</leader><controlfield tag="001">33192891</controlfield><controlfield tag="008">950923d19171917okudr n       0    0eng d</controlfield><datafield ind1=" " ind2=" " tag="010"><subfield code="a">sn 95076130 </subfield></datafield><datafield ind1=" " ind2=" " tag="040"><subfield code="a">OBN</subfield><subfield code="b">eng</subfield><subfield code="c">OBN</subfield><subfield code="d">OCLCQ</subfield><subfield code="d">OCLCO</subfield></datafield><datafield ind1="1" ind2=" " tag="029"><subfield code="a">AU@</subfield><subfield code="b">000025854252</subfield></datafield><datafield ind1=" " ind2=" " tag="042"><subfield code="a">msc</subfield></datafield><datafield ind1=" " ind2=" " tag="043"><subfield code="a">n-us-ok</subfield></datafield><datafield ind1="0" ind2=" " tag="130"><subfield code="a">Daily new era (Davenport, Okla.)</subfield></datafield><datafield ind1="1" ind2="4" tag="245"><subfield code="a">The Daily new era.</subfield></datafield><datafield ind1=" " ind2=" " tag="260"><subfield code="a">Davenport, Okla. :</subfield><subfield code="b">W.M. Tryon</subfield></datafield><datafield ind1=" " ind2=" " tag="300"><subfield code="a">v.</subfield></datafield><datafield ind1=" " ind2=" " tag="310"><subfield code="a">Daily</subfield></datafield><datafield ind1="0" ind2=" " tag="362"><subfield code="a">Vol. 1, no. 1 (Sep. 1, 1917)-v.1, no. 13 (Sep. 15, 1917).</subfield></datafield><datafield ind1=" " ind2=" " tag="580"><subfield code="a">Weekly ed.: Davenport new era (Davenport, Okla. : 1916).</subfield></datafield><datafield ind1=" " ind2="0" tag="651"><subfield code="a">Davenport (Okla.)</subfield><subfield code="v">Newspapers.</subfield></datafield><datafield ind1=" " ind2="0" tag="651"><subfield code="a">Lincoln County (Okla.)</subfield><subfield code="v">Newspapers.</subfield></datafield><datafield ind1=" " ind2=" " tag="752"><subfield code="a">United States</subfield><subfield code="b">Oklahoma</subfield><subfield code="c">Lincoln</subfield><subfield code="d">Davenport.</subfield></datafield><datafield ind1="1" ind2=" " tag="775"><subfield code="t">Davenport new era (Davenport, Okla. : 1916)</subfield><subfield code="w">(DLC)sn 95076129</subfield></datafield></record>